@misc{ibmcomvsint,
  author = "{IBM Corporation}",
  title = {Compiled versus interpreted languages},
  year = "2010",
  howpublished = "\url{https://www.ibm.com/docs/en/zos-basic-skills?topic=zos-compiled-versus-interpreted-languages}",
  note = "[Online; accessed 03-Maj-2021]"
}